@book{bordini2007jason,
  author    = {Rafael H. Bordini and Jomi Fred H{\"u}bner and Michael Wooldridge},
  title     = {Programming Multi-Agent Systems in AgentSpeak using Jason},
  year      = {2007},
  publisher = {John Wiley \& Sons},
  isbn      = {9780470029008}
}

@inproceedings{rao1996agentspeak,
  author    = {Anand S. Rao},
  title     = {AgentSpeak(L): BDI Agents Speak Out in a Logical Computable Language},
  booktitle = {Proc. of the 7th European Workshop on Modelling Autonomous Agents in a Multi-Agent World (MAAMAW)},
  year      = {1996},
  pages     = {42--55}
}

@inproceedings{hubner2005jason,
  author    = {Jomi F. H{\"u}bner and Rafael H. Bordini},
  title     = {Jason: A Java-based Interpreter for an Extended Version of AgentSpeak},
  booktitle = {Proceedings of AAMAS'05 Workshop on Programming Multi-Agent Systems (ProMAS)},
  year      = {2005}
}

@inproceedings{hindriks2001goal,
  author    = {Koen V. Hindriks and Frank S. de Boer and Wiebe van der Hoek and Jan-Jaap Ch. Meyer},
  title     = {Agent Programming in {GOAL}: A Logic-Based Approach},
  booktitle = {Proceedings of the First International Joint Conference on Autonomous Agents and Multiagent Systems (AAMAS)},
  year      = {2001},
  pages     = {752--759},
  url       = {https://homepages.cwi.nl/~koen/PUBLICATIONS/aamas2001.pdf}
}

@misc{goal2023manual,
  author    = {Koen V. Hindriks},
  title     = {Programming Rational Agents using GOAL: Lecture Notes},
  year      = {2023},
  howpublished = {\url{https://www.cs.tudelft.nl/~koen/}},
  note      = {TU Delft}
}

@misc{autogen2023github,
  author    = {Microsoft Research},
  title     = {AutoGen: Enabling Next-Gen LLM Applications via Multi-Agent Conversation},
  year      = {2023},
  howpublished = {\url{https://github.com/microsoft/autogen}},
  note      = {Accessed: 12.05.2025}
}

@article{liu2023autogen,
  author    = {Bolin Liu and Danyang Wang and Yizhou Wang and others},
  title     = {AutoGen: Enabling Next-Gen LLM Applications via Multi-Agent Conversation},
  journal   = {arXiv preprint arXiv:2309.14610},
  year      = {2023},
  url       = {https://arxiv.org/abs/2309.14610}
}

@misc{microsoft2025blog,
  author    = {Microsoft Research},
  title     = {AutoGen Project Overview},
  year      = {2025},
  howpublished = {\url{https://www.microsoft.com/en-us/research/blog}},
  note      = {Accessed: 12.05.2025}
}

@incollection{wooldridge2009multiagent,
  author    = {Michael Wooldridge},
  title     = {Multiagent Systems},
  booktitle = {The Handbook of Artificial Intelligence},
  publisher = {MIT Press},
  year      = {2009},
  pages     = {887--926}
}

@article{bordini2005multiagent,
  author    = {Rafael H. Bordini and Jomi Fred H{\"u}bner and Michael Wooldridge},
  title     = {Programming multi-agent systems in AgentSpeak using Jason},
  journal   = {Computational Logic in Multi-Agent Systems},
  volume    = {3487},
  pages     = {66--85},
  year      = {2005},
  publisher = {Springer},
  doi       = {10.1007/11454819_5}
}

@book{wooldridge2009introduction,
  author    = {Michael Wooldridge},
  title     = {An Introduction to MultiAgent Systems},
  publisher = {John Wiley \& Sons},
  edition   = {2nd},
  year      = {2009},
  isbn      = {9780470519462}
}

@inproceedings{hindriks2009goal,
  author    = {Koen V. Hindriks},
  title     = {Programming rational agents in GOAL},
  booktitle = {Multi-Agent Programming: Languages, Tools and Applications},
  editor    = {Rafael Bordini and Mehdi Dastani and J{\"u}rgen Dix and Amal El Fallah Seghrouchni},
  publisher = {Springer},
  year      = {2009},
  pages     = {119--157},
  doi       = {10.1007/978-0-387-89299-3_5}
}

@article{dastani2005goal,
  author    = {Mehdi Dastani and Koen V. Hindriks and Frank S. de Boer and John-Jules Ch. Meyer},
  title     = {Goal types in agent programming},
  journal   = {Autonomous Agents and Multi-Agent Systems},
  volume    = {13},
  number    = {3},
  pages     = {271--303},
  year      = {2006},
  publisher = {Springer},
  doi       = {10.1007/s10458-005-5475-2}
}

@inproceedings{dastani2004practical,
  author    = {Mehdi Dastani and Koen V. Hindriks and Frank S. de Boer and John-Jules Ch. Meyer},
  title     = {Practical reasoning for goal agents},
  booktitle = {Proc. of the Second International Joint Conference on Autonomous Agents and Multiagent Systems (AAMAS)},
  pages     = {702--709},
  year      = {2004}
}
